<record><leader>00000cas a22000007a 4500</leader><controlfield tag="001">20734771</controlfield><controlfield tag="008">891205d1929196uaruwr ne      0    0eng d</controlfield><datafield ind1=" " ind2=" " tag="010"><subfield code="a">sn 89051453 </subfield></datafield><datafield ind1=" " ind2=" " tag="040"><subfield code="a">ANU</subfield><subfield code="b">eng</subfield><subfield code="c">ANU</subfield><subfield code="d">OCLCQ</subfield></datafield><datafield ind1=" " ind2=" " tag="042"><subfield code="a">msc</subfield></datafield><datafield ind1="0" ind2=" " tag="130"><subfield code="a">Camden times (Camden, Ark.)</subfield></datafield><datafield ind1="1" ind2="0" tag="245"><subfield code="a">Camden times.</subfield></datafield><datafield ind1=" " ind2=" " tag="260"><subfield code="a">Camden, Ark. :</subfield><subfield code="b">Camden News Pub. Co.</subfield></datafield><datafield ind1=" " ind2=" " tag="300"><subfield code="a">v.</subfield></datafield><datafield ind1=" " ind2=" " tag="310"><subfield code="a">Weekly,</subfield><subfield code="b">&lt;May 5, 1955-Sept. 15, 1960&gt;</subfield></datafield><datafield ind1=" " ind2=" " tag="321"><subfield code="a">Weekly,</subfield><subfield code="b">&lt;Feb. 6, 1930-Nov. 28, 1946&gt;</subfield></datafield><datafield ind1=" " ind2=" " tag="321"><subfield code="a">Daily (except Saturday),</subfield><subfield code="b">&lt;Dec. 2, 1949-Aug. 24, 1950&gt;</subfield></datafield><datafield ind1=" " ind2=" " tag="321"><subfield code="a">Daily (except Sunday),</subfield><subfield code="b">&lt;Aug. 31, 1950-Apr. 28, 1955&gt;</subfield></datafield><datafield ind1="1" ind2=" " tag="362"><subfield code="a">Began in 1929.</subfield></datafield><datafield ind1=" " ind2=" " tag="588"><subfield code="a">Description based on: Vol. 27, no. 17 (Feb. 6, 1930).</subfield></datafield><datafield ind1=" " ind2=" " tag="752"><subfield code="a">United States</subfield><subfield code="b">Arkansas</subfield><subfield code="c">Ouachita</subfield><subfield code="d">Camden.</subfield></datafield><datafield ind1="0" ind2=" " tag="775"><subfield code="t">Camden news (Camden, Ark.)</subfield><subfield code="w">(DLC)sn 89051454</subfield></datafield><datafield ind1="0" ind2="0" tag="780"><subfield code="t">Stephens news</subfield><subfield code="w">(DLC)sn 89051425</subfield></datafield><datafield ind1="0" ind2="7" tag="785"><subfield code="t">Stephens star (Stephens, Ark. : 1949)</subfield><subfield code="w">(DLC)sn 89051448</subfield></datafield><datafield ind1="0" ind2="7" tag="785"><subfield code="t">Stephens star and the Camden times</subfield><subfield code="w">(DLC)sn 89051455</subfield></datafield></record>